/home/jayce/bib/everything.bib